<?xml version="1.0" encoding="UTF-8"?><collection xmlns="http://www.loc.gov/MARC21/slim"><record><leader>00340nam--2200133-i-4500</leader><controlfield tag="001">000001408</controlfield><controlfield tag="002">20161230</controlfield><controlfield tag="005">20161230201024</controlfield><controlfield tag="008">060222s1000------------r-----000-0-eng-d</controlfield><datafield ind1=" " ind2=" " tag="080"><subfield code="a">550.34</subfield></datafield><datafield ind1=" " ind2=" " tag="100"><subfield code="a">Glover, Dale</subfield></datafield><datafield ind1=" " ind2=" " tag="245"><subfield code="a">Catalog of seismogram archives</subfield></datafield><datafield ind1=" " ind2=" " tag="260"><subfield code="a">Boulder, U.S.Department Of Commerce, 1977. Iv + 51 P</subfield></datafield><datafield ind1=" " ind2=" " tag="852"><subfield code="a">D.2164</subfield></datafield></record></collection>